@ARTICLE{ARTICLE:1,
    AUTHOR="John Doe",
    TITLE="Title",
    JOURNAL="Journal",
    YEAR="2017",
}

@BOOK{BOOK:1,
    AUTHOR="John Doe",
    TITLE="The Book without Title",
    PUBLISHER="Dummy Publisher",
    YEAR="2100",
}

@INBOOK{BOOK:2,
    AUTHOR="John Doe",
    TITLE="The Book without Title",
    PUBLISHER="Dummy Publisher",
    YEAR="2100",
    PAGES="100-200",
}

@MISC{WEBSITE:1,
	HOWPUBLISHED = "\url{http://example.com}",
	AUTHOR = "Intel",
	TITLE = "Example Website",
	MONTH = "12",
	YEAR = "1988",
	URLDATE = {2012-11-26}
}
@MISC{IMAGENDEF2,
   title =	{PITCH / PIXEL / PIXELADO},
   url =	{https://visualled.com/glosario/pixel-pitch/},
   note =	{Disponible: 2021-03-13},
 }

@MISC{IMAGENDEF,
   author =	{{Vicente Destruels Moreno}},
   title =	{Teoria2.pdf},
   url =	{http://aulainformatica.eu/datos/dise%C3%B1o_grafico/gimp/capitulo2/Teoria2.pdf},
   note =	{Disponible: 2021-03-13},
 }
 
 
 
 @MISC{TABLAREF1,
   author =	{{ckgledisplay}},
   title =	{display.en.made-in-china},
   url =	{https://ckgledisplay.en.made-in-china.com/product/eCvnIMRubEVh/China-P20-Outdoor-Advertising-Giant-LED-Display-LED-Panel-LED-Screen.html},
   note =	{Disponible: 2021-03-13},
 }
  @MISC{TABLAREF2,
   author =	{{novaplanarled}},
   title =	{display-signs-board},
   url =	{http://www.novaplanarled.com/outdoor-dip-full-color-led-display/p20-outdoor-dip-1r1g1b-led-display-signs-board-video-full-color.html},
   note =	{Disponible: 2021-03-13},
 }
 
   @MISC{TABLAREF3,
   author =	{{samsung}},
   title =	{led-signage},
   url =	{https://displaysolutions.samsung.com/led-signage/detail/821/XPS200},
   note =	{Disponible: 2021-03-13},
 }
 
 
 @MISC{BASHSCRIPT,
   title =	{Bash scripting tutorial},
   url =	{https://ryanstutorials.net/bash-scripting-tutorial/bash-script.php},
   note =	{Disponible: 2021-03-13},
 }
 
 @MISC{MULTIPLEXADO,
   title =	{SISTEMA DE INFORMACION VISUAL},
   url =	{https://bibdigital.epn.edu.ec/bitstream/15000/9935/1/SISTEMA%20DE%20INFORMACION%20VISUAL.pdf},
   note =	{Disponible: 2021-03-13},
 }



 @MISC{BASH,
   title =	{Bash Scripting Tutorial for Beginners},
   url =	{https://linuxconfig.org/bash-scripting-tutorial-for-beginners},
   note =	{Disponible: 2021-03-13},
 }

@MISC{CONCEPTOMATRIZ,
   title =	{Matriz de puntos},
   url =	{https://es.wikipedia.org/wiki/Matriz_de_puntos},
   note =	{Disponible: 2021-03-13},
 }

@MISC{WIKIVMS,
   author =	{{Wikipedia contributors}},
   title =	{Frecuencia de refresco},
   url =	{https://es.wikipedia.org/wiki/Panel_de_mensajes_variables#cite_note-1},
   note =	{Disponible: 2021-03-07},
 }



@MISC{SERVICIO,
   author =	{{Wikipedia contributors}},
   title =	{SERVICIO},
   url =	{https://www.hostinger.es/tutoriales/administrar-y-listar-servicios-en-linux#:~:text=servicios%20de%20Linux-,Servicios%20de%20Linux,el%20funcionamiento%20del%20sistema%20operativo},
   note =	{Disponible: 2021-03-07},
 }
 
 https://es.wikipedia.org/wiki/Systemd
 
 
@MISC{REFSYSTEMD,
   author =	{{Wikipedia contributors}},
   title =	{SYSTEMD},
   url =	{https://es.wikipedia.org/wiki/Systemd},
   note =	{Disponible: 2021-03-07},
 }

@MISC{WIKISAMBA,
   author =	{{Wikipedia contributors}},
   title =	{SAMBA},
   url =	{https://es.wikipedia.org/wiki/Samba_(software)},
   note =	{Disponible: 2021-03-07},
 }

@MISC{KERNEL,
   author =	{{redhat}},
   title =	{linux kerne√±},
   url =	{https://www.redhat.com/es/topics/linux/what-is-the-linux-kernel},
   note =	{Disponible: 2021-03-07},
 }
 
 
 
@MISC{WIKIVERILOG,
   author =	{{Wikipedia contributors}},
   title =	{Verilog},
   url =	{https://es.wikipedia.org/wiki/Verilog},
   note =	{Disponible: 2021-03-07},
 }
 
 @MISC{WIKIPANTALLAFULLCOLOR,
   author =	{{Wikipedia contributors}},
   title =	{Pantalla LED},
   url =	{https://es.wikipedia.org/wiki/Pantalla_LED#Pantallas_gigantes_de_LED},
   note =	{Disponible: 2021-03-07},
 }
 
@MISC{WIKIUDP,
   author =	{{Wikipedia contributors}},
   title =	{UDP},
   url =	{https://es.wikipedia.org/wiki/Protocolo_de_datagramas_de_usuario#:~:text=User%20Datagram%20Protocol%20(UDP)%20es,y%20la%20capa%20de%20aplicaci%C3%B3n},
   note =	{Disponible: 2021-03-07},
 }
 
 
 @MISC{WIKITASA,
   author =	{{Wikipedia contributors}},
   title =	{Panel de mensajes variables},
   url =	{https://es.wikipedia.org/wiki/Frecuencia_de_refresco#:~:text=La%20frecuencia%20de%20refresco%20(tambi%C3%A9n,im%C3%A1genes%20que%20muestra%20por%20segundo.},
   note =	{Disponible: 2021-03-07},
 }
 
 
 @MISC{WIKIRESOL,
   author =	{{Wikipedia contributors}},
   title =	{Panel de mensajes variables},
   url =	{https://es.wikipedia.org/wiki/Resoluci%C3%B3n_de_pantalla},
   note =	{Disponible: 2021-03-07},
 }
 
 
 @MISC{VMSTYPES,
   author =	{{New York State Thruway Authority}},
   title =	{GUIDELINES FOR USE OF VARIABLE MESSAGE SIGNS},
   url =	{https://www.thruway.ny.gov/commercial/forms/tap633.pdf},
   note =	{Disponible: 2021-03-07},
 }


@MANUAL{dallas:ds18b20,
    organization  = "Dallas Semiconductor",
    title         = "DS18B20 Programmable Resolution 1-Wire Digital Thermometer",
    number        = "050400",
    year          =  2015,
    note          = "Rev. 3"
}

@book{teton2003,
	title={Gu{\'\i}a t{\'e}cnica de la acuariofilia},
	author={Teton, J.},
	isbn={9788489840249},
	series={Gu{\'\i}as t{\'e}cnicas},
	url={https://books.google.com.ar/books?id=6vrjovWkQicC},
	year={2003},
	publisher={Tursen S.A. - H. Blume}
}

@book{IEEE:citation,
	author={IEEE},
	title={IEEE Citation Reference},
	edition={1},
	url={http://www.ieee.org/documents/ieeecitationref.pdf},
	urldate={2016-9-26},
	publisher={IEEE Publications},
	year={2016}
}

@misc{CIAA,
	author = {{Proyecto CIAA}},
	title = {Computadora Industrial Abierta Argentina},
	url = {http://proyecto-ciaa.com.ar/devwiki/doku.php?id=start},
	note = {Visitado el 2016-06-25},
	year = {2014}
}

@MISC{lpcopen,
   author =	{{NXP Semiconductors}},
   title =	{LPCOPEN v2.16 Drivers, Middleware and Examples},
   url =	{http://www.nxp.com/products/microcontrollers-and-processors/arm-processors/lpc-cortex-m-mcus/software-tools/lpcopen-libraries-and-examples:LPC-OPEN-LIBRARIES},
   note =	{Disponible: 2016-06-25},
 }
 
@MISC{contrib,
	author =	{{Savannah}},
	title =	{lwIP - A Lightweight TCP/IP stack},
	url =	{http://git.savannah.gnu.org/cgit/lwip/lwip-contrib.git},
	note =	{Disponible: 2016-06-25},
 }

@MISC{webserver,
	author =	{{Savannah}},
	title =	{lwIP - Wiki - Sample Web Server},
	url =	{ http://lwip.wikia.com/wiki/Sample_Web_Server},
	note =	{Disponible: 2016-06-25}
 } 
 


@MISC{sensor_pH,
   author =	{dfRobot},
   title =	{PH meter(SKU: SEN0161)},
   url =	{http://www.dfrobot.com/wiki/index.php?title=PH_meter(SKU:_SEN0161)},
   note =	{Disponible: 2016-06-25},
}

@misc{rfc2616,
	series =	{Request for Comments},
	number=		2616,
	howpublished=	{RFC 2616},
	publisher =	{RFC Editor},
	doi =		{10.17487/rfc2616},
	url =		{https://rfc-editor.org/rfc/rfc2616.txt},
	author=		{Jeffrey Mogul and Larry M Masinter and Roy T. Fielding and Jim Gettys and Paul J. Leach and Tim Berners-Lee},
	title=		{{Hypertext Transfer Protocol -- HTTP/1.1}},
	pagetotal =	176,
	year =		2013,
	month =		3,
	day =		2,
	abstract =	{HTTP has been in use by the World-Wide Web global information initiative since 1990. This specification defines the protocol referred to as &quot;HTTP/1.1&quot;, and is an update to RFC 2068. [STANDARDS-TRACK]},
}

@misc{rfc3875,
	series =	{Request for Comments},
	number=		3875,
	howpublished=	{RFC 3875},
	publisher =	{RFC Editor},
	doi =		{10.17487/rfc3875},
	url =		{https://rfc-editor.org/rfc/rfc3875.txt},
	author=		{David Robinson},
	title=		{{The Common Gateway Interface (CGI) Version 1.1}},
	pagetotal =	36,
	year =		2013,
	month =		mar,
	day =		20,
	abstract =	{The Common Gateway Interface (CGI) is a simple interface for running external programs, software or gateways under an information server in a platform-independent manner. Currently, the supported information servers are HTTP servers.},
}

@misc{rfc7540,
	series =	{Request for Comments},
	number=		7540,
	howpublished=	{RFC 7540},
	publisher =	{RFC Editor},
	doi =		{10.17487/rfc7540},
	url =		{https://rfc-editor.org/rfc/rfc7540.txt},
	author=		{Mike Belshe and Roberto Peon and Martin Thomson},
	title=		{{Hypertext Transfer Protocol Version 2 (HTTP/2)}},
	pagetotal =	96,
	year =		2015,
	month =		nov,
	day =		18,
	abstract =	{This specification describes an optimized expression of the semantics of the Hypertext Transfer Protocol (HTTP), referred to as HTTP version 2 (HTTP/2). HTTP/2 enables a more efficient use of network resources and a reduced perception of latency by introducing header field compression and allowing multiple concurrent exchanges on the same connection. It also introduces unsolicited push of representations from servers to clients.},
}